% model checking fundamentação ------------------

@book{clarke1999model,
  title={Model Checking},
  author={Clarke, E.M. and Grumberg, O. and Peled, D.},
  isbn={9780262032704},
  lccn={99017979},
  year={1999},
  publisher={MIT Press}
}

@book{huth2004logic,
  title={Logic in Computer Science: Modelling and Reasoning about Systems},
  author={Huth, M. and Ryan, M.},
  isbn={9781139453059},
  year={2004},
  publisher={Cambridge University Press}
}

@book{baier2008principles,
  title={Principles of Model Checking},
  author={Baier, C. and Katoen, J.P.},
  isbn={9780262026499},
  lccn={2007037603},
  year={2008},
  publisher={MIT Press}
}

% ---------------------------

%%%%%%%%%%%%%%%%%%%%%%%%%%%%%%%%%%%%%%%%%%
% model checking - trabalhos relacionados%
%%%%%%%%%%%%%%%%%%%%%%%%%%%%%%%%%%%%%%%%%%
@inproceedings{Prisacariu07aformal,
	author = {Cristian Prisacariu and Gerardo Schneider},
	title = {A formal language for electronic contracts},
	booktitle = {In FMOODS’07, volume 4468 of LNCS},
	year = {2007},
	pages = {174--189},
	publisher = {Springer}
}

@mastersthesis{mura2016,
	Address = {Londrina-PR},
	Author = {Della Mura, W. A.},
	School = {State University of Londrina},
	Title = {Conflict detection on multiparty contracts},
	pages={133},
	year = {2016}
}

% -------------------------

%%%%%%%%%%%%%
% IOT livros%
%%%%%%%%%%%%%
@book{buyya2016internet,
  title={Internet of Things: Principles and Paradigms},
  author={Buyya, R. and Dastjerdi, A.V.},
  isbn={9780128093474},
  year={2016},
  publisher={Elsevier Science}
}

% ----------------------

%%%%%%%%%%%%%%%%%%%%%%%%%%%
% IOT artigos relacionados%
%%%%%%%%%%%%%%%%%%%%%%%%%%%
@inproceedings{suo2012security,
  title={Security in the internet of things: a review},
  author={Suo, Hui and Wan, Jiafu and Zou, Caifeng and Liu, Jianqi},
  booktitle={Computer Science and Electronics Engineering (ICCSEE), 2012 international conference on},
  volume={3},
  pages={648--651},
  year={2012},
  organization={IEEE}
}

@article{weber2010internet,
  title={Internet of Things--New security and privacy challenges},
  author={Weber, Rolf H},
  journal={Computer law \& security review},
  volume={26},
  number={1},
  pages={23--30},
  year={2010},
  publisher={Elsevier}
}

@article{gartner2015gartner,
  title={Gartner’s 2015 hype cycle for emerging technologies identifies the computing innovations that organizations should monitor},
  journal={Gartner Web site}, url={http://www.gartner.com/newsroom/id/3114217},
  year={2015}
}

@article{press2014internet,
  title={Internet of Things by the numbers: Market estimates and forecasts},
  author={Press, Gil},
  journal={Forbes}, url={https://www.forbes.com/sites/gilpress/2014/08/22/internet-of-things-by-the-numbers-market-estimates-and-forecasts/#6b493e34b919},
  year={2014}
}

@article{sankarinternet,
  title={INTERNET OF THINGS (IOT): A SURVEY ON EMPOWERING TECHNOLOGIES, RESEARCH OPPORTUNITIES AND APPLICATIONS},
  author={Sankar, S and Srinivasan, P},
  journal={International Journal of Pharmacy & Technology},
  year={2016}
}

@article{bandyopadhyay2011internet,
  title={Internet of things: Applications and challenges in technology and standardization},
  author={Bandyopadhyay, Debasis and Sen, Jaydip},
  journal={Wireless Personal Communications},
  volume={58},
  number={1},
  pages={49--69},
  year={2011},
  publisher={Springer}
}

@article{iot2016,
  title={Internet das Coisas: da Teoria à Prática},
  author={Santos, B. P. and Silva, L. A. M. and Celes, C. S. F. S. and Neto, J. B. B. and Peres, B. S. and Vieira, M. A. M. and Vieira, L. F. M. and Goussevskaia, O. N. and Loureiro, A. A. F.},
  journal={Minicursos / XXXIV Simpósio Brasileiro de Redes de Computadores e Sistemas Distribuídos},
  pages={1--50},
  year={2016}
}

@mastersthesis{mukherjee2016ranking,
  title={Ranking System for IoT Industry Platform},
  author={Mukherjee, Somshree},
  school={KTH Royal Institute of Technology},
  year={2016}
}

@article{atzori2010internet,
  title={The internet of things: A survey},
  author={Atzori, Luigi and Iera, Antonio and Morabito, Giacomo},
  journal={Computer networks},
  volume={54},
  number={15},
  pages={2787--2805},
  year={2010},
  publisher={Elsevier}
}

@article{danova2014bi,
  title={The Internet Of Everything},
  author={Danova, T.},
  journal={Business Insider}, url={http://www.businessinsider.com/the-internet-of-everything-2014-slide-deck-sai-2014-2?op=1/#},
  year={2014}
}

@article{morgan2014forbes,
  title={Everything You Need To Know About The Internet Of Things},
  author={Morgan, Jacob},
  journal={Forbes}, url={https://www.forbes.com/sites/jacobmorgan/2014/10/30/everything-you-need-to-know-about-the-internet-of-things/#2c360eea3ae7},
  year={2014}
}

%%%%% MQTT v3.1 %%%%%
@article{mqttv3.1,
  title={Mq telemetry transport (mqtt) v3. 1 protocol specification},
  author={Locke, Dave},
  journal={IBM developerWorks Technical Library},
  year={2010}
}

%%%%% MQTT v3.1.1 %%%%
@misc{mqttv3.1.1,
  title={Message Queuing Telemetry Transport (MQTT) v3.1.1},
  author={Banks, A and Gupta, R},
  url={http://docs.oasis-open.org/mqtt/mqtt/v3.1.1/os/mqtt-v3.1.1-os.html},
  year={2014},
  publisher={OASIS Standard}
}

@article{aziz2016formal,
  title={A formal model and analysis of an IoT protocol},
  author={Aziz, Benjamin},
  journal={Ad Hoc Networks},
  volume={36},
  pages={49--57},
  year={2016},
  publisher={Elsevier}
}

@article{mladenov2017formal,
  title={Formal verification of the implementation of the MQTT protocol in IoT devices},
  author={Mladenov, Kristiyan and van Winsen, Stijn and Mavrakis, Chris and Cyber, KPMG},
  journal={SNE Master Research Projects 2016 - 2017},
  year={2017}
}

@article{zenith1990linda,
  title={Linda Coordination Language; Subsystem Kernel Architecture (on Transputers)},
  author={Zenith, Steven Ericsson},
  journal={RR-794, Yale University, New Haven, CT (May 1990)},
  volume={31},
  year={1990}
}

@misc{iotprotocols,
  title={An overview of protocols involved in Internet of Things devices and applications. Help clarify with IoT layer technology stack and head-to-head comparisons},
  url={https://www.postscapes.com/internet-of-things-protocols/}
}

@article{mayer2009security,
  title={Security and privacy challenges in the internet of things},
  author={Mayer, Christoph P},
  journal={Electronic Communications of the EASST},
  volume={17},
  year={2009}
}

@book{chen2014responsive,
  title={Responsive Mobile User Experience Using MQTT and IBM MessageSight},
  author={Chen, Whei-Jen and Gupta, Rahul and Lampkin, Valerie and Robertson, Dale M and Subrahmanyam, Nagesh and others},
  year={2014},
  publisher={IBM Redbooks}
}

@techreport{kushalnagar2007ipv6,
  title={IPv6 over low-power wireless personal area networks (6LoWPANs): overview, assumptions, problem statement, and goals},
  author={Kushalnagar, Nandakishore and Montenegro, Gabriel and Schumacher, Christian},
  publisher={IETF},
  year={2007}
}

@article{fielding2014hypertext,
  title={Hypertext transfer protocol (HTTP/1.1): Message syntax and routing},
  author={Fielding, Roy and Reschke, Julian},
  publisher={IETF},
  year={2014}
}

@article{shelby2014constrained,
  title={The constrained application protocol (CoAP)},
  author={Shelby, Zach and Hartke, Klaus and Bormann, Carsten},
  publisher={IETF},
  year={2014}
}

@article{stanford2013mqtt,
	title={Mqtt for sensor networks (mqtt-sn) protocol specification},
	author={Stanford-Clark, Andy and Truong, Hong Linh},
	journal={International business machines (IBM) Corporation version},
	volume={1},
	year={2013}
}

@article{al2015toward,
	title={Toward better horizontal integration among IoT services},
	author={Al-Fuqaha, Ala and Khreishah, Abdallah and Guizani, Mohsen and Rayes, Ammar and Mohammadi, Mehdi},
	journal={IEEE Communications Magazine},
	volume={53},
	number={9},
	pages={72--79},
	year={2015},
	publisher={IEEE}
}

@article{dds2015specifi,
	title={Data distribution services specification, V1.2},
	year={2015},
	publisher={Object Manage Group (OMG)}
}

@misc{amqp2012oasis,
	title={Advanced Message Queuing Protocol (AMQP) Version 1.0},
	author={Godfrey, R and Ingham, David and Schloming, R},
	publisher={OASIS Standard},
	year={2012}
}

@article{xmpp2011extensible,
	title={Extensible messaging and presence protocol (XMPP): Core},
	author={Saint-Andre, Peter},
	year={2011}
}

@article{milner1992calculus,
	title={A calculus of mobile processes, I},
	author={Milner, Robin and Parrow, Joachim and Walker, David},
	journal={Information and computation},
	volume={100},
	number={1},
	pages={1--40},
	year={1992},
	publisher={Elsevier}
}

@article{milner1992calculus2,
	title={A calculus of mobile processes, II},
	author={Milner, Robin and Parrow, Joachim and Walker, David},
	journal={Information and Computation},
	volume={100},
	number={1},
	pages={41--77},
	year={1992},
	publisher={Elsevier}
}

@article{baeten2005brief,
	title={A brief history of process algebra},
	author={Baeten, Jos CM},
	journal={Theoretical Computer Science},
	volume={335},
	number={2-3},
	pages={131--146},
	year={2005},
	publisher={Elsevier}
}

@article{milner1986ccs,
	title={A Calculus os Communicating Systems},
	author={Milner, Robin},
	journal={Laboratory for Foundations of Computer Science},
	year={1986},
	publisher={LFCS Report Series}
}

@article{berger2003two,
	title={The two-phase commitment protocol in an extended $\pi$-calculus},
	author={Berger, Martin and Honda, Kohei},
	journal={Electronic Notes in Theoretical Computer Science},
	volume={39},
	number={1},
	pages={21--46},
	year={2003},
	publisher={Elsevier}
}

@article{miranda2008teoria,
	title={Teoria geral dos contratos},
	author={Miranda, Maria Bernadete},
	journal={Revista Virtual Direito Brasil},
	volume={2},
	number={2},
	pages={15},
	year={2008}
}

@article{gomes2007contratos,
	title={Contratos. atual. por Antonio Junqueira de Azevedo e Francisco Paulo de Crescenzo Marino},
	author={GOMES, Orlando},
	journal={Rio de janeiro: Forense},
	pages={10},
	year={2007}
}

@book{bobbio1999teoria,
	title={Teoria do ordenamento jur{\'\i}dico},
	author={Bobbio, Norberto and De Cicco, Claudio},
	year={1995},
	edition={6rd},
	pages={105--109},
	publisher={UnB}
}

@book{ausin2005logica,
	title={Entre la l{\'o}gica y el derecho},
	author={Aus{\'\i}n, Txetxu},
	volume={1},
	address={Barcelona},
	year={2005},
	publisher={Plaza y Vald{\'e}s}
}

@book{xu2004monitoring,
	title={Monitoring multi-party contracts for e-business},
	author={Xu, Lai},
	number={127},
	year={2004},
	publisher={Paul de Vrieze}
}

@article{angelov2001b2b,
	title={B2b econtract handling-a survey of projects, papers and standards},
	author={Angelov, Samuil and Grefen, PWPJ},
	year={2001},
	publisher={University of Twente, Centre for Telematics and Information Technology}
}

@article{xu2004multi,
	title={A multi-party contract model},
	author={Xu, Lai},
	journal={ACM SIGecom Exchanges},
	volume={5},
	number={1},
	pages={13--23},
	year={2004},
	publisher={ACM}
}

@article{fenech2008conflict,
	title={Conflict analysis of deontic contracts},
	author={Fenech, Stephen and Pace, Gordon J and Schneider, Gerardo},
	journal={NWPT},
	volume={8},
	year={2008}
}

@article{bosse2008automated,
	title={Automated formal analysis of human multi-issue negotiation processes},
	author={Bosse, Tibor and Jonker, Catholijn M and Van Der Meij, Lourens and Treur, Jan},
	journal={Multiagent and Grid Systems},
	volume={4},
	number={2},
	pages={213--233},
	year={2008},
	publisher={IOS Press}
}

@article{chadha2006formal,
	title={Formal analysis of multiparty contract signing},
	author={Chadha, Rohit and Kremer, Steve and Scedrov, Andre},
	journal={Journal of Automated Reasoning},
	volume={36},
	number={1-2},
	pages={39--83},
	year={2006},
	publisher={Springer}
}

@inproceedings{kordy2012constructing,
	title={Constructing optimistic multi-party contract signing protocols},
	author={Kordy, Barbara and Radomirovic, Saa},
	booktitle={Computer Security Foundations Symposium (CSF), 2012 IEEE 25th},
	pages={215--229},
	year={2012},
	organization={IEEE}
}

@article{bedregal2002logica,
	title={L{\'o}gica para a ci{\^e}ncia da computa{\c{c}}{\~a}o},
	author={Bedregal, B and Aci{\'o}ly, B},
	journal={Vers{\~a}o Preliminar, Natal, RN},
	year={2002}
}

@book{souza2017logica,
	title={L{\'o}gica para ci{\^e}ncia da computa{\c{c}}{\~a}o},
	author={Souza, Jo{\~a}o},
	year={2017},
	edition={3rd},
	publisher={Elsevier Brasil}
}

@book{abe2002introduccao,
	title={Introdu{\c{c}}{\~a}o {\`a} L{\'o}gica para a Ci{\^e}ncia da Computa{\c{c}}{\~a}o},
	author={Abe, Jair Minoro and Scalzitti, Alexandre and Inácio da Silva Filho, João},
	year={2001},
	publisher={Arte \& Ci{\^e}ncia}
}

@book{smullyan1995first,
	title={First-order logic},
	author={Smullyan, Raymond M},
	year={1995},
	publisher={Courier Corporation}
}

@book{chellas1980modal,
	title={Modal logic: an introduction},
	author={Chellas, Brian F},
	year={1980},
	publisher={Cambridge university press}
}

@inproceedings{pnueli1977temporal,
	title={The temporal logic of programs},
	author={Pnueli, Amir},
	booktitle={Foundations of Computer Science, 1977., 18th Annual Symposium on},
	pages={46--57},
	year={1977},
	organization={IEEE}
}

@article{kripke1959completeness,
	title={A completeness theorem in modal logic},
	author={Kripke, Saul A},
	journal={The journal of symbolic logic},
	volume={24},
	number={1},
	pages={1--14},
	year={1959},
	publisher={Cambridge University Press}
}
% ---------------------------
